<?xml version="1.0" encoding="UTF-8"?>
<collection xmlns:xsi="http://www.w3.org/2001/XMLSchema-instance" xsi:schemaLocation="http://www.loc.gov/MARC21/slim http://www.loc.gov/standards/marcxml/schema/MARC21slim.xsd" xmlns="http://www.loc.gov/MARC21/slim">
<record>
  <leader>00844cam a22002051  4500</leader>
  <controlfield tag="001">3073966</controlfield>
  <controlfield tag="003">NNC</controlfield>
  <controlfield tag="005">20130426015617.0</controlfield>
  <controlfield tag="008">010827s1932    ua            000 0 ara d</controlfield>
  <datafield tag="035" ind1=" " ind2=" ">
    <subfield code="a">(OCoLC)ocm47851084</subfield>
  </datafield>
  <datafield tag="035" ind1=" " ind2=" ">
    <subfield code="9">ATP7118CU</subfield>
  </datafield>
  <datafield tag="035" ind1=" " ind2=" ">
    <subfield code="a">(NNC)3073966</subfield>
  </datafield>
  <datafield tag="040" ind1=" " ind2=" ">
    <subfield code="a">ZCU</subfield>
    <subfield code="c">ZCU</subfield>
  </datafield>
  <datafield tag="099" ind1=" " ind2=" ">
    <subfield code="a">893.741</subfield>
    <subfield code="a">J1911</subfield>
  </datafield>
  <datafield tag="100" ind1="0" ind2=" ">
    <subfield code="a">Jāḥiẓ,</subfield>
    <subfield code="d">-868 or 869.</subfield>
  </datafield>
  <datafield tag="245" ind1="1" ind2="3">
    <subfield code="a">al-Bayān wa-al-tabyīn,</subfield>
    <subfield code="c">li Abī ʻUthmān ʻAmr ibn Baḥr ibn Maḥbūb al-Jāhiẓ, ḥaqqaqahū wa-sharaḥahū Ḥasan al-Sandūbī.</subfield>
  </datafield>
  <datafield tag="250" ind1=" " ind2=" ">
    <subfield code="a">al-ṭabʻah al-2.,</subfield>
    <subfield code="b">wa-hiya tamtāz ʻan sābiqatihā bi-diqqat al-taḥqīq wa-al-ḍabṭ wa-al-tahdhīb wa-ziyādat al-sharḥ.</subfield>
  </datafield>
  <datafield tag="260" ind1=" " ind2=" ">
    <subfield code="a">al-Qāhirah,</subfield>
    <subfield code="b">al-Maktabah al-Tijārīyah al-Kubrā (li-ṣāḥibihā Muṣṭafā Muḥammad)</subfield>
    <subfield code="c">1351 h., 1932 m.</subfield>
  </datafield>
  <datafield tag="300" ind1=" " ind2=" ">
    <subfield code="a">3 v. in 1.</subfield>
  </datafield>
  <datafield tag="955" ind1=" " ind2=" ">
    <subfield code="b">CU58884106</subfield>
    <subfield code="d">off,glx</subfield>
    <subfield code="e">893.741 J1911</subfield>
  </datafield>
</record>
</collection>